@article{Huet1997,
 title = {The Zipper},
 volume = {7},
 number = {5},
 journal = {Journal of Functional Programming},
 publisher = {Cambridge University Press},
 author = {Huet, G{\'e}rard},
 year = {1997},
 pages = {549--554}
}

@MISC{McBr2001,
    author = {Conor McBride},
    title = {The Derivative of a Regular Type is its Type of One-Hole Contexts},
    year = {2001},
    url = {http://strictlypositive.org/diff.pdf}
}

@inproceedings{MuRec2009,
 author = {Yakushev, Alexey Rodriguez and Holdermans, Stefan and L\"{o}h, Andres and Jeuring, Johan},
 title = {Generic Programming with Fixed Points for Mutually Recursive Datatypes},
 booktitle = {Proceedings of the 14th ACM SIGPLAN International Conference on Functional Programming},
 series = {ICFP '09},
 year = {2009},
 isbn = {978-1-60558-332-7},
 location = {Edinburgh, Scotland},
 pages = {233--244},
 numpages = {12},
 url = {http://doi.acm.org/10.1145/1596550.1596585},
 doi = {10.1145/1596550.1596585},
 acmid = {1596585},
 publisher = {ACM},
 address = {New York, NY, USA},
 keywords = {datatype-generic programming, fixed points, haskell, mutually recursive datatypes},
}

@inproceedings{VanNoort2008,
 author = {Noort, Thomas van and Rodriguez, Alexey and Holdermans, Stefan and Jeuring, Johan and Heeren, Bastiaan},
 title = {A Lightweight Approach to Datatype-generic Rewriting},
 booktitle = {Proceedings of the ACM SIGPLAN Workshop on Generic Programming},
 series = {WGP '08},
 year = {2008},
 isbn = {978-1-60558-060-9},
 location = {Victoria, BC, Canada},
 pages = {13--24},
 numpages = {12},
 url = {http://doi.acm.org/10.1145/1411318.1411321},
 doi = {10.1145/1411318.1411321},
 acmid = {1411321},
 publisher = {ACM},
 address = {New York, NY, USA},
 keywords = {datatype-generic programming, term rewriting},
} 

@inproceedings{Magalhaes2010,
 author = {Magalh\~{a}es, Jos{\'e} Pedro and Dijkstra, Atze and Jeuring, Johan and L\"{o}h, Andres},
 title = {A Generic Deriving Mechanism for Haskell},
 booktitle = {Proceedings of the Third ACM Haskell Symposium on Haskell},
 series = {Haskell '10},
 year = {2010},
 isbn = {978-1-4503-0252-4},
 location = {Baltimore, Maryland, USA},
 pages = {37--48},
 numpages = {12},
 url = {http://doi.acm.org/10.1145/1863523.1863529},
 doi = {10.1145/1863523.1863529},
 acmid = {1863529},
 publisher = {ACM},
 address = {New York, NY, USA},
 keywords = {datatype-generic programming, haskell, type classes},
}

@inproceedings{Cheney2002,
 author = {Cheney, James and Hinze, Ralf},
 title = {A Lightweight Implementation of Generics and Dynamics},
 booktitle = {Proceedings of the 2002 ACM SIGPLAN Workshop on Haskell},
 series = {Haskell '02},
 year = {2002},
 isbn = {1-58113-605-6},
 location = {Pittsburgh, Pennsylvania},
 pages = {90--104},
 numpages = {15},
 url = {http://doi.acm.org/10.1145/581690.581698},
 doi = {10.1145/581690.581698},
 acmid = {581698},
 publisher = {ACM},
 address = {New York, NY, USA},
 keywords = {dynamic typing, generic programming, type representations},
}

@article{HiJeLo2004,
 title = {Type-indexed data types},
 journal = {Science of Computer Programming},
 volume = {51},
 number = {1},
 pages = {117--151},
 year = {2004},
 note = {Mathematics of Program Construction (MPC 2002)},
 issn = {0167-6423},
 doi = {https://doi.org/10.1016/j.scico.2003.07.001},
 author = {Ralf Hinze and Johan Jeuring and Andres L\"{o}h},
 keywords = {Polytypic programming, Generic Haskell, Digital searching}
}

@inproceedings{VriLoeh2014,
 author = {Vries, Edsko de and L\"{o}h, Andres},
 title = {True Sums of Products},
 booktitle = {Proceedings of the 10th ACM SIGPLAN Workshop on Generic Programming},
 series = {WGP '14},
 year = {2014},
 isbn = {978-1-4503-3042-8},
 location = {Gothenburg, Sweden},
 pages = {83--94},
 numpages = {12},
 url = {http://doi.acm.org/10.1145/2633628.2633634},
 doi = {10.1145/2633628.2633634},
 acmid = {2633634},
 publisher = {ACM},
 address = {New York, NY, USA},
 keywords = {datatype-generic programming, generic views, json, lenses, metadata, sums of products, universes},
}

@ARTICLE{Loh2004,
    author = {Andres Löh},
    title = {Exploring Generic Haskell},
    year = {2004},
	journal = {PhD thesis, Universiteit Utrecht}
}

@INPROCEEDINGS{Gib2007,
  author = {Jeremy Gibbons},
  title = {Datatype-Generic Programming},
  year = {2007},
  booktitle = {Spring School on Datatype-Generic Programming}
}

@INPROCEEDINGS{Loh2015,
  author = {Andres Löh},
  title = {Applying Type-Level and Generic Programming in Haskell},
  year = {2015},
  booktitle = {Summer School on Generic and Effectful Programming}
}

@ARTICLE{Ad2010,
    author = {Michael D. Adams},
    title = {Scrap Your Zippers: A Generic Zipper for Heterogeneous Types},
    year = {2010},
    journal = {The ACM SIGPLAN Workshop on Generic Programming}
}

@inproceedings{Yorgey2012,
 author = {Yorgey, Brent A. and Weirich, Stephanie and Cretin, Julien and Peyton Jones, Simon and Vytiniotis, Dimitrios and Magalh\~{a}es, Jos{\'e} Pedro},
 title = {Giving Haskell a Promotion},
 booktitle = {Proceedings of the 8th ACM SIGPLAN Workshop on Types in Language Design and Implementation},
 series = {TLDI '12},
 year = {2012},
 isbn = {978-1-4503-1120-5},
 location = {Philadelphia, Pennsylvania, USA},
 pages = {53--66},
 numpages = {14},
 url = {http://doi.acm.org/10.1145/2103786.2103795},
 doi = {10.1145/2103786.2103795},
 acmid = {2103795},
 publisher = {ACM},
 address = {New York, NY, USA},
 keywords = {haskell, kinds, polymorphism, promotion},
}

@inproceedings{Jansson1997,
 author = {Jansson, Patrik and Jeuring, Johan},
 title = {PolyP---a Polytypic Programming Language Extension},
 booktitle = {Proceedings of the 24th ACM SIGPLAN-SIGACT Symposium on Principles of Programming Languages},
 series = {POPL '97},
 year = {1997},
 isbn = {0-89791-853-3},
 location = {Paris, France},
 pages = {470--482},
 numpages = {13},
 url = {http://doi.acm.org/10.1145/263699.263763},
 doi = {10.1145/263699.263763},
 acmid = {263763},
 publisher = {ACM},
 address = {New York, NY, USA},
}

@inproceedings{Loeh2011,
 author = {L\"{o}h, Andres and Magalh\~{a}es, Jos{\'e} Pedro},
 title = {Generic Programming with Indexed Functors},
 booktitle = {Proceedings of the Seventh ACM SIGPLAN Workshop on Generic Programming},
 series = {WGP '11},
 year = {2011},
 isbn = {978-1-4503-0861-8},
 location = {Tokyo, Japan},
 pages = {1--12},
 numpages = {12},
 url = {http://doi.acm.org/10.1145/2036918.2036920},
 doi = {10.1145/2036918.2036920},
 acmid = {2036920},
 publisher = {ACM},
 address = {New York, NY, USA},
 keywords = {agda, datatype-generic programming, dependently-typed programming, indexed functor},
}

@inproceedings{Rodriguez2008,
 author = {Rodriguez, Alexey and Jeuring, Johan and Jansson, Patrik and Gerdes, Alex and Kiselyov, Oleg and Oliveira, Bruno C. d. S.},
 title = {Comparing Libraries for Generic Programming in Haskell},
 booktitle = {Proceedings of the First ACM SIGPLAN Symposium on Haskell},
 series = {Haskell '08},
 year = {2008},
 isbn = {978-1-60558-064-7},
 location = {Victoria, BC, Canada},
 pages = {111--122},
 numpages = {12},
 url = {http://doi.acm.org/10.1145/1411286.1411301},
 doi = {10.1145/1411286.1411301},
 acmid = {1411301},
 publisher = {ACM},
 address = {New York, NY, USA},
 keywords = {datatype-generic programming, libraries comparison},
}

@inproceedings{MagLoeh2012,
 author    = {Jos{\'{e}} Pedro Magalh{\~{a}}es and
              Andres L{\"{o}}h},
 title     = {A Formal Comparison of Approaches to Datatype-Generic Programming},
 booktitle = {Proceedings Fourth Workshop on Mathematically Structured Functional
              Programming, MSFP@ETAPS 2012, Tallinn, Estonia, 25 March 2012.},
 pages     = {50--67},
 year      = {2012},
 url       = {https://doi.org/10.4204/EPTCS.76.6},
 doi       = {10.4204/EPTCS.76.6},
 timestamp = {Wed, 03 May 2017 14:47:54 +0200}
}

@inproceedings{Meijer1991,
 author = {Meijer, Erik and Fokkinga, Maarten and Paterson, Ross},
 editor = {Hughes, John},
 title = {Functional programming with bananas, lenses, envelopes and barbed wire},
 booktitle = {Functional Programming Languages and Computer Architecture},
 year = {1991},
 publisher = {Springer Berlin Heidelberg},
 address = {Berlin, Heidelberg},
 pages = {124--144},
 abstract = {We develop a calculus for lazy functional programming based on recursion operators associated with data type definitions. For these operators we derive various algebraic laws that are useful in deriving and manipulating programs. We shall show that all example functions in Bird and Wadler's ``Introduction to Functional Programming'' can be expressed using these operators.},
 isbn = {978-3-540-47599-6}
}

@ARTICLE{GGP2014,
    author = {José Pedro Magalhães and Andres Löh},
    title = {Generic Generic Programming},
    year = {2014},
    journal = {International Symposium on Practical Aspects of Declarative Languages}
}
